@inproceedings{Bartoli:2015:WWA:2733373.2807411,
 author = {Bartoli, Federico and Seidenari, Lorenzo and Lisanti, Giuseppe and Karaman, Svebor and Del Bimbo, Alberto},
 title = {WATTS: A Web Annotation Tool for Surveillance Scenarios},
 booktitle = {Proceedings of the 23rd ACM International Conference on Multimedia},
 series = {MM '15},
 year = {2015},
 isbn = {978-1-4503-3459-4},
 location = {Brisbane, Australia},
 pages = {701--704},
 numpages = {4},
 url = {http://doi.acm.org/10.1145/2733373.2807411},
 doi = {10.1145/2733373.2807411},
 acmid = {2807411},
 publisher = {ACM},
 address = {New York, NY, USA},
 keywords = {annotation, surveillance},
}

@inproceedings{bartoli2015museumvisitors,
title={MuseumVisitors: A Dataset for Pedestrian and Group Detection, Gaze Estimation and Behavior Understanding},
author={Bartoli, Federico and Lisanti, Giuseppe and Seidenari, Lorenzo and Karaman, Svebor and Del Bimbo, Alberto},
booktitle={Proceedings of the IEEE Conference on Computer Vision and Pattern Recognition Workshops},
pages={19--27},
year={2015}
}

@article{Vondrick:2013:ESU:2436010.2436013,
 author = {Vondrick, Carl and Patterson, Donald and Ramanan, Deva},
 title = {Efficiently Scaling Up Crowdsourced Video Annotation},
 journal = {Int. J. Comput. Vision},
 issue_date = {January   2013},
 volume = {101},
 number = {1},
 month = jan,
 year = {2013},
 issn = {0920-5691},
 pages = {184--204},
 numpages = {21},
 url = {http://dx.doi.org/10.1007/s11263-012-0564-1},
 doi = {10.1007/s11263-012-0564-1},
 acmid = {2436013},
 publisher = {Kluwer Academic Publishers},
 address = {Hingham, MA, USA},
 keywords = {Crowdsource marketplaces, Data sets, Large scale annotation, Mechanical Turk, Tracking, Video annotation},
}

@article{Russell:2008:LDW:1345995.1345999,
 author = {Russell, Bryan C. and Torralba, Antonio and Murphy, Kevin P. and Freeman, William T.},
 title = {LabelMe: A Database and Web-Based Tool for Image Annotation},
 journal = {Int. J. Comput. Vision},
 issue_date = {May       2008},
 volume = {77},
 number = {1-3},
 month = may,
 year = {2008},
 issn = {0920-5691},
 pages = {157--173},
 numpages = {17},
 url = {http://dx.doi.org/10.1007/s11263-007-0090-8},
 doi = {10.1007/s11263-007-0090-8},
 acmid = {1345999},
 publisher = {Kluwer Academic Publishers},
 address = {Hingham, MA, USA},
 keywords = {Annotation tool, Database, Object detection, Object recognition},
}