@inproceedings{Lux:2008:LLI:1459359.1459577,
 author = {Lux, Mathias and Chatzichristofis, Savvas A.},
 title = {Lire: Lucene Image Retrieval: An Extensible Java CBIR Library},
 booktitle = {Proceedings of the 16th ACM International Conference on Multimedia},
 series = {MM '08},
 year = {2008},
 isbn = {978-1-60558-303-7},
 location = {Vancouver, British Columbia, Canada},
 pages = {1085--1088},
 numpages = {4},
 url = {http://doi.acm.org/10.1145/1459359.1459577},
 doi = {10.1145/1459359.1459577},
 acmid = {1459577},
 publisher = {ACM},
 address = {New York, NY, USA},
 keywords = {image features, image indexing, image retrieval, image search}
} 

@article{Datta,
 author = {Datta, Ritendra and Joshi, Dhiraj and Li, Jia and Wang, James Z.},
 title = {Image Retrieval: Ideas, Influences, and Trends of the New Age},
 journal = {ACM Comput. Surv.},
 issue_date = {April 2008},
 volume = {40},
 number = {2},
 year = {2008},
 issn = {0360-0300},
 articleno = {5},
 numpages = {60},
 url = {http://doi.acm.org/10.1145/1348246.1348248},
 doi = {10.1145/1348246.1348248},
 acmid = {1348248},
 publisher = {ACM},
 address = {New York, NY, USA},
 keywords = {Content-based image retrieval, annotation, learning, modeling, tagging}
}

@book{AI,
 author = {Ma, Zongmin},
 title = {Artificial Intelligence for Maximizing Content Based Image Retrieval},
 year = {2009},
 numpages = {450},
 publisher = {IGI Global},
 keywords = {Content-based image retrieval, hash, learning, modeling, tagging}
}

@article{Deselaers:2008:FIR:1349658.1349663,
 author = {Deselaers, Thomas and Keysers, Daniel and Ney, Hermann},
 title = {Features for Image Retrieval: An Experimental Comparison},
 journal = {Inf. Retr.},
 issue_date = {April 2008},
 volume = {11},
 number = {2},
 year = {2008},
 numpages = {31},
 url = {http://dx.doi.org/10.1007/s10791-007-9039-3},
 publisher = {Kluwer Academic Publishers},
 keywords = {Features, Image classification, Image retrieval, Quantitative comparison}
} 

@inproceedings{Cieplinski:2001:MCD:648243.753491,
 author = {Cieplinski, Leszek},
 title = {MPEG-7 Color Descriptors and Their Applications},
 booktitle = {Proceedings of the 9th International Conference on Computer Analysis of Images and Patterns},
 series = {CAIP '01},
 year = {2001},
 isbn = {3-540-42513-6},
 pages = {11--20},
 numpages = {10},
 url = {http://dl.acm.org/citation.cfm?id=648243.753491},
 acmid = {753491},
 publisher = {Springer-Verlag},
 address = {London, UK, UK}
} 

@article{Muller:2001:PEC:376547.376588,
 author = {M\"{u}ller, Henning and M\"{u}ller, Wolfgang and Squire, David McG. and Marchand-Maillet, St{\'e}phane and Pun, Thierry},
 title = {Performance Evaluation in Content-based Image Retrieval: Overview and Proposals},
 journal = {Pattern Recogn. Lett.},
 issue_date = {April 2001},
 volume = {22},
 number = {5},
 year = {2001},
 numpages = {9},
 url = {http://dx.doi.org/10.1016/S0167-8655(00)00118-5},
 acmid = {376588},
 publisher = {Elsevier Science Inc.},
 address = {New York, NY, USA},
 keywords = {content-based image retrieval, information retrieval, peformance evaluation},
} 
